@Online{Innovation_Quarter,
	author     = {Innovation Quarter},
	title      = {The Green Village, DC Opportunities R\&D, CityTec},
	url        = {https://www.innovationquarter.nl/item/projecten-energie-klimaat-2/#toggle-id-2},
	urlday     = {4},
	urlmonth   = {9},
	urlyear    = {2023},
}
@Online{DCLINKEDIN,
	author     = {DC Opportunities Linkedin},
	title      = {Technology for DC Microgrids and DC Distribution Grids},
	url        = {https://www.linkedin.com/company/dc-opportunities/posts/},
	urlday     = {4},
	urlmonth   = {9},
	urlyear    = {2023},
}
@Online{DCSITE,
	author     = {DC Opportunities website},
	title      = {Technology for DC Microgrids and DC Distribution Grids},
	url        = {http://dc-opportunities.com/},
	urlday     = {4},
	urlmonth   = {9},
	urlyear    = {2023},
}
@Online{LaurensLINKEDIN,
	author     = {Laurens Mackay},
	title      = {Founder at DC Opportunities},
	url        = {https://www.linkedin.com/in/laurensmackay/},
	urlday     = {4},
	urlmonth   = {9},
	urlyear    = {2023},
}
